% This file was created with JabRef 2.9.2.
% Encoding: ISO8859_1

% Order alphabetically
% Make sure all are consistent -- e.g. either all have Month or None do
% Use something like https://flamingtempura.github.io/bibtex-tidy/ to clean all your bibtex entries


@ARTICLE{Arrighi2003,
  title={Quantum computation explained to my mother},
  author={Arrighi, Pablo},
  journal={arXiv preprint quant-ph/0305045},
  year={2003}
}

@ARTICLE{Ebejer2016,
  year  = {2016},
  publisher = {Springer Nature},
  volume = {8},
  number = {1},
  author = {Jean-Paul Ebejer and Michael H. Charlton and Paul W. Finn},
  title = {Are the physicochemical properties of antibacterial compounds really different from other drugs?},
  journal = {Journal of Cheminformatics}
}

@ARTICLE{WithersMartinez2012,
  author = {Chrislaine Withers-Martinez and Catherine Suarez and Simone Fulle
	and Samir Kher and Maria Penzo and Jean-Paul Ebejer and Kostas Koussis
	and Fiona Hackett and Aigars Jirgensons and Paul Finn and Michael
	J. Blackman},
  title = {{Plasmodium subtilisin-like protease 1 (SUB1): Insights into the
	active-site structure, specificity and function of a pan-malaria
	drug target}},
  journal = {International Journal for Parasitology},
  year = {2012},
  volume = {42},
  pages = {597--612},
  number = {6},
}


@MISC{IEEERefStyle,
	key={IEEE Ref.\ Guide},
	title = {{IEEE} {R}eferences {S}tyle},
	howpublished = {\url{https://ieeeauthorcenter.ieee.org/wp-content/uploads/IEEE-Reference-Guide.pdf}},
	note = {Last Accessed: March 17th, 2022}
}

@MISC{HarvRefStyle,
	key={Harvard Ref.\ Guide},
	title = {{H}arvard {R}eferences {S}tyle},
	howpublished = {\url{https://www.um.edu.mt/__data/assets/pdf_file/0007/353662/Harvard_Guide.pdf}},
	note = {Last Accessed: March 18th, 2022}
}


@book{van1995python,
	title        = {Python tutorial},
	author       = {Van Rossum, Guido and Drake Jr, Fred L},
	year         = 2020,
	publisher    = {Centrum voor Wiskunde en Informatica Amsterdam, The Netherlands},
	volume       = 620
}
@article{srinath2017python,
	title        = {Python--the fastest growing programming language},
	author       = {Srinath, KR},
	year         = 2017,
	journal      = {International Research Journal of Engineering and Technology (IRJET)},
	volume       = 4,
	number       = 12,
	pages        = {354--357}
}
@book{summerfield2007rapid,
	title        = {Rapid GUI Programming with Python and Qt: The Definitive Guide to PyQt Programming (paperback)},
	author       = {Summerfield, Mark},
	year         = 2007,
	publisher    = {Pearson Education}
}
@inproceedings{van2007python,
	title        = {Python Programming language.},
	author       = {Van Rossum, Guido and others},
	year         = 2007,
	booktitle    = {USENIX annual technical conference},
	volume       = 41,
	number       = 1,
	pages        = {1--36},
	url          = {https://www.wikizero.com/en/Python_(language)}
}
@book{geurts1990abc,
	title        = {ABC programmer's handbook},
	author       = {Geurts, Leo and Meertens, Lambert and Pemberton, Steven},
	year         = 1990,
	publisher    = {Prentice-Hall, Inc.}
}
@article{van1991interactively,
	title        = {Interactively testing remote servers using the Python programming language},
	author       = {van Rossum, Guido and de Boer, Jelke},
	year         = 1991,
	journal      = {CWi Quarterly},
	volume       = 4,
	number       = 4,
	pages        = {283--303}
}
@misc{dynamic2013typing,
	title        = {Benefits of Dynamic Typing},
	author       = {David Thomas},
	year         = 2013,
	url          = {https://wiki.c2.com/?BenefitsOfDynamicTyping},
	howpublished = {Online},
	lastchecked  = {21-04-2022}
}
@inproceedings{meijer2004static,
	title        = {Static typing where possible, dynamic typing when needed: The end of the cold war between programming languages},
	author       = {Meijer, Erik and Drayton, Peter},
	year         = 2004,
	organization = {Citeseer}
}
@misc{van1994python,
	title        = {Python reference manual},
	author       = {Van Rossum, Guido and Drake Jr, Fred L},
	year         = 1994
}
@book{zorn1990barrier,
	title        = {Barrier methods for garbage collection},
	author       = {Zorn, Benjamin},
	year         = 1990,
	publisher    = {Citeseer}
}
@article{pedregosa2011scikit,
	title        = {Scikit-learn: Machine learning in Python},
	author       = {Pedregosa, Fabian and Varoquaux, Ga{\"e}l and Gramfort, Alexandre and Michel, Vincent and Thirion, Bertrand and Grisel, Olivier and Blondel, Mathieu and Prettenhofer, Peter and Weiss, Ron and Dubourg, Vincent and others},
	year         = 2011,
	journal      = {the Journal of machine Learning research},
	publisher    = {JMLR. org},
	volume       = 12,
	pages        = {2825--2830}
}
@book{forcier2008python,
	title        = {Python web development with Django},
	author       = {Forcier, Jeff and Bissex, Paul and Chun, Wesley J},
	year         = 2008,
	publisher    = {Addison-Wesley Professional}
}
@article{vanrossum1995python,
	title        = {Python reference manual},
	author       = {Van Rossum, Guido},
	year         = 1995,
	journal      = {Department of Computer Science [CS]},
	publisher    = {CWI},
	number       = {R 9525}
}
@inproceedings{bolz2009tracing,
	title        = {Tracing the meta-level: PyPy's tracing JIT compiler},
	author       = {Bolz, Carl Friedrich and Cuni, Antonio and Fijalkowski, Maciej and Rigo, Armin},
	year         = 2009,
	booktitle    = {Proceedings of the 4th workshop on the Implementation, Compilation, Optimization of Object-Oriented Languages and Programming Systems},
	pages        = {18--25}
}
@book{juneau2010definitive,
	title        = {The definitive guide to Jython: Python for the Java platform},
	author       = {Juneau, Josh and Baker, Jim and Wierzbicki, Frank and Muoz, Leo Soto and Ng, Victor and Ng, Alex and Baker, Donna L},
	year         = 2010,
	publisher    = {Apress}
}
@book{mueller2010professional,
	title        = {Professional IronPython},
	author       = {Mueller, John Paul},
	year         = 2010,
	publisher    = {John Wiley \& Sons}
}
@article{ramachandra2009insight,
	title        = {An Insight into CPython Compiler Design},
	author       = {Ramachandra, Ramkumar},
	year         = 2009
}
@inproceedings{aycock1998converting,
	title        = {Converting Python virtual machine code to C},
	author       = {Aycock, John},
	year         = 1998,
	booktitle    = {Proceedings of the 7th International Python Conference},
	pages        = {76--78}
}
@misc{ceval2022github,
	title        = {python/cpython},
	author       = {Guido Van Rossum and others},
	year         = 2022,
	url          = {https://github.com/python/cpython/blob/d93605de7232da5e6a182fd1d5c220639e900159/Python/ceval.c#L716},
	lastchecked  = {24-04-2022}
}
@inproceedings{tismer2000continuations,
	title        = {Continuations and stackless Python},
	author       = {Tismer, Christian},
	year         = 2000,
	booktitle    = {Proceedings of the 8th international python conference},
	volume       = 1
}
@misc{real2022python,
	title        = {Your Guide to the CPython Source Code},
	author       = {Anthony Shaw},
	year         = 2022,
	url          = {https://realpython.com/cpython-source-code-guide/},
	lastchecked  = {25-04-2022}
}
@misc{stack2011csuwm,
	title        = {The Stack Frame},
	author       = {Jason W. Bacon},
	year         = 2011,
	publisher    = {Dept. of Computer Science, University of Wisconsin, Milwaukee},
	url          = {http://www.cs.uwm.edu/classes/cs315/Bacon/Lecture/HTML/ch10s07.html},
	lastchecked  = {25-04-2022}
}
@misc{call2010stack,
	title        = {Python Function Calls and the Stack Lesson 2},
	author       = {Phil Conrad},
	year         = 2010,
	publisher    = {Dept. of Computer Science, University of California, Santa Barbara},
	url          = {https://sites.cs.ucsb.edu/~pconrad/cs8/topics.beta/theStack/02/},
	lastchecked  = {26-04-2022}
}
@misc{general2018stacks,
	title        = {An introduction to Python bytecode},
	author       = {James Bennett},
	year         = 2018,
	url          = {https://opensource.com/article/18/4/introduction-python-bytecode},
	lastchecked  = {26-04-2022}
}
@book{intro2009algorithms,
	title        = {Introduction to Algorithms},
	author       = {Thomas H. Cormen and Charles E. Leiserson and Ronald L. Rivest and Clifford Stein},
	year         = 2009,
	publisher    = {The MIT Press},
	edition      = {3rd Edition}
}
@misc{pythonofficial2022docspycode,
	title        = {Code Objects},
	author       = {Python Software Foundation},
	year         = 2022,
	url          = {https://docs.python.org/3/c-api/code.html},
	lastchecked  = {26-04-2022}
}
@misc{pythonofficial2022docsdismodule,
	title        = {dis-Disassembler for Python Bytecode},
	author       = {Python Software Foundation},
	year         = 2022,
	url          = {https://docs.python.org/3/library/dis.html#dis.Bytecode},
	lastchecked  = {26-04-2022}
}
@article{landin1964mechanical,
	title        = {The mechanical evaluation of expressions},
	author       = {Landin, Peter J},
	year         = 1964,
	journal      = {The computer journal},
	publisher    = {The British Computer Society},
	volume       = 6,
	number       = 4,
	pages        = {308--320}
}
@book{nielson2004principlesofPA,
	title        = {Principles of program analysis},
	author       = {Nielson, Flemming and Nielson, Hanne R and Hankin, Chris},
	year         = 2004,
	publisher    = {Springer Science \& Business Media}
}
@phdthesis{andersen1994program,
	title        = {Program analysis and specialization for the C programming language},
	author       = {Andersen, Lars Ole},
	year         = 1994,
	school       = {Citeseer}
}


