@inproceedings{bravenboer2009strictly,
  title={Strictly declarative specification of sophisticated points-to analyses},
  author={Bravenboer, Martin and Smaragdakis, Yannis},
  booktitle={Proceedings of the 24th ACM SIGPLAN conference on Object oriented programming systems languages and applications},
  pages={243--262},
  year={2009}
}

@incollection{vallee2010soot,
  title={Soot: A Java bytecode optimization framework},
  author={Vall{\'e}e-Rai, Raja and Co, Phong and Gagnon, Etienne and Hendren, Laurie and Lam, Patrick and Sundaresan, Vijay},
  booktitle={CASCON First Decade High Impact Papers},
  pages={214--224},
  year={2010}
}

@inproceedings{grech2019gigahorse,
  title={Gigahorse: thorough, declarative decompilation of smart contracts},
  author={Grech, Neville and Brent, Lexi and Scholz, Bernhard and Smaragdakis, Yannis},
  booktitle={2019 IEEE/ACM 41st International Conference on Software Engineering (ICSE)},
  pages={1176--1186},
  year={2019},
  organization={IEEE}
}

@article{brent2018vandal,
  title={Vandal: A scalable security analysis framework for smart contracts},
  author={Brent, Lexi and Jurisevic, Anton and Kong, Michael and Liu, Eric and Gauthier, Francois and Gramoli, Vincent and Holz, Ralph and Scholz, Bernhard},
  journal={arXiv preprint arXiv:1809.03981},
  year={2018}
}