@book{lutz2001programming,
  title={Programming python},
  author={Lutz, Mark},
  year={2001},
  publisher={" O'Reilly Media, Inc."}
}

@article{saabith2019python,
  title={Python current trend applications-an overview},
  author={Saabith, AL Sayeth and Fareez, MMM and Vinothraj, T},
  journal={International Journal of Advance Engineering and Research Development},
  volume={6},
  number={10},
  year={2019}
}

@article{bonta2019comprehensive,
  title={A comprehensive study on lexicon based approaches for sentiment analysis},
  author={Bonta, Venkateswarlu and Janardhan, Nandhini Kumaresh2and N},
  journal={Asian Journal of Computer Science and Technology},
  volume={8},
  number={S2},
  pages={1--6},
  year={2019}
}

@article{tensorflowTour,
  title={A tour of tensorflow},
  author={Goldsborough, Peter},
  journal={arXiv preprint arXiv:1610.01178},
  year={2016}
}

@book{sweigart2012making,
  title={Making Games with Python \& Pygame},
  author={Sweigart, Al},
  year={2012}
}

@misc{tiobe2022index,
  author = {TIOBE Index},
  title = {The Python Programming Language},
  year = 2022,
  url = {https://www.tiobe.com/tiobe-index/python/},
  urldate = {19-04-2022},
  lastchecked = {19-04-2022}
}

@misc{intel2013analysis,
  author = {Intel},
  title = {Dynamic Analysis vs. Static Analysis},
  year = 2013,
  url = {https://www.cism.ucl.ac.be/Services/Formations/ICS/ics_2013.0.028/inspector_xe/documentation/en/help/GUID-E901AB30-1590-4706-94B1-9CD4736D8D2D.htm},
  urldate = {19-04-2022},
  lastchecked = {19-04-2022}
}

@misc{pylint2021,
  author = {Logilab, PyCQA},
  title = {Pylint},
  year = 2022,
  url = {https://pylint.pycqa.org/en/latest/},
  urldate = {20-04-2022},
  lastchecked = {20-04-2022}
}

@misc{bandit2022,
  author = {Bandit Developers},
  title = {Bandit},
  year = 2022,
  url = {https://bandit.readthedocs.io/en/latest/},
  urldate = {20-04-2022},
  lastchecked = {20-04-2022}
}

@article{rice1953classes,
  title={Classes of recursively enumerable sets and their decision problems},
  author={Rice, Henry Gordon},
  journal={Transactions of the American Mathematical society},
  volume={74},
  number={2},
  pages={358--366},
  year={1953},
  publisher={JSTOR}
}

@article{moller2012static,
  title={Static program analysis},
  author={M{\o}ller, Anders and Schwartzbach, Michael I},
  journal={Notes. Feb},
  year={2012},
  url = {https://cs.au.dk/~amoeller/spa/spa.pdf}
}

@article{van2021python,
  title={Python (programming language) 1 CPython 13 Python Software Foundation 15},
  author={van Rossum, Guido},
  publisher={Citeseer}
}

@book{van1995python,
  title={Python tutorial},
  author={Van Rossum, Guido and Drake Jr, Fred L},
  volume={620},
  year={2020},
  publisher={Centrum voor Wiskunde en Informatica Amsterdam, The Netherlands}
}

@article{srinath2017python,
  title={Python--the fastest growing programming language},
  author={Srinath, KR},
  journal={International Research Journal of Engineering and Technology (IRJET)},
  volume={4},
  number={12},
  pages={354--357},
  year={2017}
}

@book{summerfield2007rapid,
  title={Rapid GUI Programming with Python and Qt: The Definitive Guide to PyQt Programming (paperback)},
  author={Summerfield, Mark},
  year={2007},
  publisher={Pearson Education}
}

@inproceedings{van2007python,
  title={Python Programming language.},
  author={Van Rossum, Guido and others},
  booktitle={USENIX annual technical conference},
  volume={41},
  number={1},
  pages={1--36},
  year={2007},
  url             = {https://www.wikizero.com/en/Python_(language)},
}

@book{geurts1990abc,
  title={ABC programmer's handbook},
  author={Geurts, Leo and Meertens, Lambert and Pemberton, Steven},
  year={1990},
  publisher={Prentice-Hall, Inc.}
}

@article{van1991interactively,
  title={Interactively testing remote servers using the Python programming language},
  author={van Rossum, Guido and de Boer, Jelke},
  journal={CWi Quarterly},
  volume={4},
  number={4},
  pages={283--303},
  year={1991}
}

@misc{dynamic2013typing,
  author       = {David Thomas},
  howpublished = {Online},
  title        = {Benefits of Dynamic Typing},
  year         = {2013},
  url          = {https://wiki.c2.com/?BenefitsOfDynamicTyping},
  lastchecked = {21-04-2022}
}

@inproceedings{meijer2004static,
  title={Static typing where possible, dynamic typing when needed: The end of the cold war between programming languages},
  author={Meijer, Erik and Drayton, Peter},
  year={2004},
  organization={Citeseer}
}

@misc{van1994python,
  title={Python reference manual},
  author={Van Rossum, Guido and Drake Jr, Fred L},
  year={1994}
}

@book{zorn1990barrier,
  title={Barrier methods for garbage collection},
  author={Zorn, Benjamin},
  year={1990},
  publisher={Citeseer}
}

@article{pedregosa2011scikit,
  title={Scikit-learn: Machine learning in Python},
  author={Pedregosa, Fabian and Varoquaux, Ga{\"e}l and Gramfort, Alexandre and Michel, Vincent and Thirion, Bertrand and Grisel, Olivier and Blondel, Mathieu and Prettenhofer, Peter and Weiss, Ron and Dubourg, Vincent and others},
  journal={the Journal of machine Learning research},
  volume={12},
  pages={2825--2830},
  year={2011},
  publisher={JMLR. org}
}

@book{forcier2008python,
  title={Python web development with Django},
  author={Forcier, Jeff and Bissex, Paul and Chun, Wesley J},
  year={2008},
  publisher={Addison-Wesley Professional}
}

@article{vanrossum1995python,
  title={Python reference manual},
  author={Van Rossum, Guido},
  journal={Department of Computer Science [CS]},
  number={R 9525},
  year={1995},
  publisher={CWI}
}

@inproceedings{bolz2009tracing,
  title={Tracing the meta-level: PyPy's tracing JIT compiler},
  author={Bolz, Carl Friedrich and Cuni, Antonio and Fijalkowski, Maciej and Rigo, Armin},
  booktitle={Proceedings of the 4th workshop on the Implementation, Compilation, Optimization of Object-Oriented Languages and Programming Systems},
  pages={18--25},
  year={2009}
}

@book{juneau2010definitive,
  title={The definitive guide to Jython: Python for the Java platform},
  author={Juneau, Josh and Baker, Jim and Wierzbicki, Frank and Muoz, Leo Soto and Ng, Victor and Ng, Alex and Baker, Donna L},
  year={2010},
  publisher={Apress}
}

@book{mueller2010professional,
  title={Professional IronPython},
  author={Mueller, John Paul},
  year={2010},
  publisher={John Wiley \& Sons}
}

@article{ramachandra2009insight,
  title={An Insight into CPython Compiler Design},
  author={Ramachandra, Ramkumar},
  year={2009}
}

@inproceedings{aycock1998converting,
  title={Converting Python virtual machine code to C},
  author={Aycock, John},
  booktitle={Proceedings of the 7th International Python Conference},
  pages={76--78},
  year={1998}
}

@misc{ceval2022github,
  author       = {Guido Van Rossum and others},
  title        = {python/cpython},
  year         = {2022},
  url          = {https://github.com/python/cpython/blob/d93605de7232da5e6a182fd1d5c220639e900159/Python/ceval.c#L716},
  lastchecked = {24-04-2022}
}

@inproceedings{tismer2000continuations,
  title={Continuations and stackless Python},
  author={Tismer, Christian},
  booktitle={Proceedings of the 8th international python conference},
  volume={1},
  year={2000}
}

@misc{real2022python,
  author       = {Anthony Shaw},
  title        = {Your Guide to the CPython Source Code},
  year         = {2022},
  url          = {https://realpython.com/cpython-source-code-guide/},
  lastchecked = {25-04-2022}
}

@misc{stack2011csuwm,
  author       = {Jason W. Bacon},
  publisher    = {Dept. of Computer Science, University of Wisconsin, Milwaukee},
  title        = {The Stack Frame},
  year         = {2011},
  url          = {http://www.cs.uwm.edu/classes/cs315/Bacon/Lecture/HTML/ch10s07.html},
  lastchecked = {25-04-2022}
}

@misc{call2010stack,
  author       = {Phil Conrad},
  publisher    = {Dept. of Computer Science, University of California, Santa Barbara},
  title        = {Python Function Calls and the Stack Lesson 2},
  year         = {2010},
  url          = {https://sites.cs.ucsb.edu/~pconrad/cs8/topics.beta/theStack/02/},
  lastchecked = {26-04-2022}
}

@misc{general2018stacks,
  author       = {James Bennett},
  title        = {An introduction to Python bytecode},
  year         = {2018},
  url          = {https://opensource.com/article/18/4/introduction-python-bytecode},
  lastchecked = {26-04-2022}
}

@book{intro2009algorithms,
  author         = {Thomas H. Cormen and Charles E. Leiserson and Ronald L. Rivest and Clifford Stein},
  edition        = {3rd Edition},
  publisher      = {The MIT Press},
  title          = {Introduction to Algorithms},
  year           = {2009}
}

@misc{pythonofficial2022docspycode,
  author       = {Python Software Foundation},
  title        = {Code Objects},
  year         = {2022},
  url          = {https://docs.python.org/3/c-api/code.html},
  lastchecked = {26-04-2022}
}

@misc{pythonofficial2022docsdismodule,
  author       = {Python Software Foundation},
  title        = {dis-Disassembler for Python Bytecode},
  year         = {2022},
  url          = {https://docs.python.org/3/library/dis.html#dis.Bytecode},
  lastchecked = {26-04-2022}
}

@article{landin1964mechanical,
  title={The mechanical evaluation of expressions},
  author={Landin, Peter J},
  journal={The computer journal},
  volume={6},
  number={4},
  pages={308--320},
  year={1964},
  publisher={The British Computer Society}
}

@book{nielson2004principlesofPA,
  title={Principles of program analysis},
  author={Nielson, Flemming and Nielson, Hanne R and Hankin, Chris},
  year={2004},
  publisher={Springer Science \& Business Media}
}

@phdthesis{andersen1994program,
  title={Program analysis and specialization for the C programming language},
  author={Andersen, Lars Ole},
  year={1994},
  school={Citeseer}
}