% This file was created with JabRef 2.9.2.
% Encoding: ISO8859_1

% Order alphabetically
% Use something like https://flamingtempura.github.io/bibtex-tidy/ to clean all your bibtex entries

@ARTICLE{Ebejer2012,
  author = {Ebejer, Jean-Paul and Morris, Garrett M. and Deane, Charlotte M.},
  title = {Freely Available Conformer Generation Methods: How Good Are They?},
  journal = {J. Chem. Inf. Model.},
  year = {2012},
  volume = {52},
  pages = {1146--1158},
  number = {5}
}

@book{lutz2001programming,
	title        = {Programming python},
	author       = {Lutz, Mark},
	year         = 2001,
	publisher    = {" O'Reilly Media, Inc."}
}
@article{saabith2019python,
	title        = {Python current trend applications-an overview},
	author       = {Saabith, AL Sayeth and Fareez, MMM and Vinothraj, T},
	year         = 2019,
	journal      = {International Journal of Advance Engineering and Research Development},
	volume       = 6,
	number       = 10
}
@article{bonta2019comprehensive,
	title        = {A comprehensive study on lexicon based approaches for sentiment analysis},
	author       = {Bonta, Venkateswarlu and Janardhan, Nandhini Kumaresh2and N},
	year         = 2019,
	journal      = {Asian Journal of Computer Science and Technology},
	volume       = 8,
	number       = {S2},
	pages        = {1--6}
}
@article{tensorflowTour,
	title        = {A tour of tensorflow},
	author       = {Goldsborough, Peter},
	year         = 2016,
	journal      = {arXiv preprint arXiv:1610.01178}
}
@book{sweigart2012making,
	title        = {Making Games with Python \& Pygame},
	author       = {Sweigart, Al},
	year         = 2012
}
@misc{tiobe2022index,
	title        = {The Python Programming Language},
	author       = {TIOBE Index},
	year         = 2022,
	url          = {https://www.tiobe.com/tiobe-index/python/},
	urldate      = {19-04-2022},
	lastchecked  = {19-04-2022}
}
@misc{intel2013analysis,
	title        = {Dynamic Analysis vs. Static Analysis},
	author       = {Intel},
	year         = 2013,
	url          = {https://www.cism.ucl.ac.be/Services/Formations/ICS/ics_2013.0.028/inspector_xe/documentation/en/help/GUID-E901AB30-1590-4706-94B1-9CD4736D8D2D.htm},
	urldate      = {19-04-2022},
	lastchecked  = {19-04-2022}
}
@misc{pylint2021,
	title        = {Pylint},
	author       = {Logilab, PyCQA},
	year         = 2022,
	url          = {https://pylint.pycqa.org/en/latest/},
	urldate      = {20-04-2022},
	lastchecked  = {20-04-2022}
}
@misc{bandit2022,
	title        = {Bandit},
	author       = {Bandit Developers},
	year         = 2022,
	url          = {https://bandit.readthedocs.io/en/latest/},
	urldate      = {20-04-2022},
	lastchecked  = {20-04-2022}
}
@article{rice1953classes,
	title        = {Classes of recursively enumerable sets and their decision problems},
	author       = {Rice, Henry Gordon},
	year         = 1953,
	journal      = {Transactions of the American Mathematical society},
	publisher    = {JSTOR},
	volume       = 74,
	number       = 2,
	pages        = {358--366}
}
@article{moller2012static,
	title        = {Static program analysis},
	author       = {M{\o}ller, Anders and Schwartzbach, Michael I},
	year         = 2012,
	journal      = {Notes. Feb},
	url          = {https://cs.au.dk/~amoeller/spa/spa.pdf}
}
@article{van2021python,
	title        = {Python (programming language) 1 CPython 13 Python Software Foundation 15},
	author       = {van Rossum, Guido},
	publisher    = {Citeseer}
}