@book{nielson2004principles,
  title={Principles of program analysis},
  author={Nielson, Flemming and Nielson, Hanne R and Hankin, Chris},
  year={2004},
  publisher={Springer Science \& Business Media}
}

@inproceedings{bruegge1993framework,
  title={A framework for dynamic program analyzers},
  author={Bruegge, Bernd and Gottschalk, Tim and Luo, Bin},
  booktitle={Proceedings of the eighth annual conference on Object-oriented programming systems, languages, and applications},
  pages={65--82},
  year={1993}
}

@article{moller2012static,
  title={Static program analysis},
  author={M{\o}ller, Anders and Schwartzbach, Michael I},
  journal={Notes. Feb},
  year={2012}
}

@online{pyStat,
  author = {IEEE Spectrum},
  title = {Top Programming Languages 2021},
  year = 2021,
  url = {https://spectrum.ieee.org/top-programming-languages/#toggle-gdpr},
  urldate = {2021-12-16}
}

@inproceedings{aycock1998converting,
  title={Converting Python virtual machine code to C},
  author={Aycock, John},
  booktitle={Proceedings of the 7th International Python Conference},
  pages={76--78},
  year={1998}
}

@misc{ike2015inside,
  title={Inside the Python Virtual Machine},
  author={Ike-Nwosu, Obi},
  year={2015},
  publisher={Lean Publishing}
}

@online{disModule,
  author = {Python Software Foundation},
  title = {dis â€” Disassembler for Python bytecode},
  year = 2021,
  url = {https://docs.python.org/3/library/dis.html},
  urldate = {2021-12-16}
}

@inproceedings{jordan2016souffle,
  title={Souffl{\'e}: On synthesis of program analyzers},
  author={Jordan, Herbert and Scholz, Bernhard and Suboti{\'c}, Pavle},
  booktitle={International Conference on Computer Aided Verification},
  pages={422--430},
  year={2016},
  organization={Springer}
}

@inbook{varAwareDlog,
author = {Shahin, Ramy and Chechik, Marsha},
year = {2020},
month = {01},
pages = {213-221},
title = {Variability-Aware Datalog},
isbn = {978-3-030-39196-6},
doi = {10.1007/978-3-030-39197-3_14}
}